@article{Freedman1975,
  title={On tail probabilities for martingales},
  author={Freedman, David A},
  journal={the Annals of Probability},
  pages={100--118},
  year={1975},
  publisher={JSTOR}
}

@article{Freedman+,
  title={Freedmanâ€™s inequality with non-bounded martingale differences},
  author={Fan, Xiequan},
  journal={arXiv preprint arXiv:1404.4776},
  year={2014},
  publisher={Citeseer}
}

@article{VFreedman,
  title={Is Q-learning minimax optimal? a tight sample complexity analysis},
  author={Li, Gen and Cai, Changxiao and Chen, Yuxin and Gu, Yuantao and Wei, Yuting and Chi, Yuejie},
  journal={arXiv preprint arXiv:2102.06548},
  year={2021}
}

@article{nips11,
  title={Improved algorithms for linear stochastic bandits},
  author={Abbasi-Yadkori, Yasin and P{\'a}l, D{\'a}vid and Szepesv{\'a}ri, Csaba},
  journal={Advances in neural information processing systems},
  volume={24},
  year={2011}
}

@inproceedings{MABappsurvey,
  title={Survey on applications of multi-armed and contextual bandits},
  author={Bouneffouf, Djallel and Rish, Irina and Aggarwal, Charu},
  booktitle={2020 IEEE Congress on Evolutionary Computation (CEC)},
  pages={1--8},
  year={2020},
  organization={IEEE}
}

@inproceedings{news_recommendation,
  title={A contextual-bandit approach to personalized news article recommendation},
  author={Li, Lihong and Chu, Wei and Langford, John and Schapire, Robert E},
  booktitle={Proceedings of the 19th international conference on World wide web},
  pages={661--670},
  year={2010}
}

@article{Xue20,
  title={Nearly optimal regret for stochastic linear bandits with heavy-tailed payoffs},
  author={Xue, Bo and Wang, Guanghui and Wang, Yimu and Zhang, Lijun},
  journal={arXiv preprint arXiv:2004.13465},
  year={2020}
}

@article{UCBpaper,
  title={Asymptotically efficient adaptive allocation rules},
  author={Lai, Tze Leung and Robbins, Herbert and others},
  journal={Advances in applied mathematics},
  volume={6},
  number={1},
  pages={4--22},
  year={1985}
}

@article{Thompson33,
  title={On the likelihood that one unknown probability exceeds another in view of the evidence of two samples},
  author={Thompson, William R},
  journal={Biometrika},
  volume={25},
  number={3-4},
  pages={285--294},
  year={1933},
  publisher={Oxford University Press}
}

@book{banditbook,
  title={Bandit algorithms},
  author={Lattimore, Tor and Szepesv{\'a}ri, Csaba},
  year={2020},
  publisher={Cambridge University Press}
}

@article{experiment_design,
  title={A survey of online experiment design with the stochastic multi-armed bandit},
  author={Burtini, Giuseppe and Loeppky, Jason and Lawrence, Ramon},
  journal={arXiv preprint arXiv:1510.00757},
  year={2015}
}

@article{GLMpaper,
  title={Parametric bandits: The generalized linear case},
  author={Filippi, Sarah and Cappe, Olivier and Garivier, Aur{\'e}lien and Szepesv{\'a}ri, Csaba},
  journal={Advances in Neural Information Processing Systems},
  volume={23},
  year={2010}
}

@article{GFApaper,
  title={Eluder dimension and the sample complexity of optimistic exploration},
  author={Russo, Daniel and Van Roy, Benjamin},
  journal={Advances in Neural Information Processing Systems},
  volume={26},
  year={2013}
}

@inproceedings{First_Heteroscedastic,
  title={Information directed sampling and bandits with heteroscedastic noise},
  author={Kirschner, Johannes and Krause, Andreas},
  booktitle={Conference On Learning Theory},
  pages={358--384},
  year={2018},
  organization={PMLR}
}

@inproceedings{Zhou21,
  title={Nearly minimax optimal reinforcement learning for linear mixture markov decision processes},
  author={Zhou, Dongruo and Gu, Quanquan and Szepesvari, Csaba},
  booktitle={Conference on Learning Theory},
  pages={4532--4576},
  year={2021},
  organization={PMLR}
}

@inproceedings{Medina16,
  title={No-regret algorithms for heavy-tailed linear bandits},
  author={Medina, Andres Munoz and Yang, Scott},
  booktitle={International Conference on Machine Learning},
  pages={1642--1650},
  year={2016},
  organization={PMLR}
}

@article{Shao18,
  title={Almost optimal algorithms for linear stochastic bandits with heavy-tailed payoffs},
  author={Shao, Han and Yu, Xiaotian and King, Irwin and Lyu, Michael R},
  journal={Advances in Neural Information Processing Systems},
  volume={31},
  year={2018}
}

@article{Xiang23,
  title={Variance-aware robust reinforcement learning with linear function approximation with heavy-tailed rewards},
  author={Li, Xiang and Sun, Qiang},
  journal={arXiv preprint arXiv:2303.05606},
  year={2023}
}